@inproceedings{ceph,
  title={Ceph: A scalable, high-performance distributed file system},
  author={Weil, Sage A and Brandt, Scott A and Miller, Ethan L and Long, Darrell DE and Maltzahn, Carlos},
  booktitle={Proceedings of the 7th symposium on Operating systems design and implementation},
  pages={307--320},
  year={2006}
}

@inproceedings{raft,
	author = {Diego Ongaro and John Ousterhout},
	title = {In Search of an Understandable Consensus Algorithm},
	booktitle = {2014 {USENIX} Annual Technical Conference ({USENIX} {ATC} 14)},
	year = {2014},
	isbn = {978-1-931971-10-2},
	address = {Philadelphia, PA},
	pages = {305--319},
	url = {
	       https://www.usenix.org/conference/atc14/technical-sessions/presentation/ongaro
	       },
	publisher = {{USENIX} Association},
	month = jun,
}

@inproceedings{glusterfs,
	author = {Selvaganesan, Manikandan and Liazudeen, Mohamed Ashiq},
	booktitle = {2016 International Conference on Cloud Computing Research and
	             Innovations (ICCCRI)},
	title = {An Insight about GlusterFS and Its Enforcement Techniques},
	year = {2016},
	volume = {},
	number = {},
	pages = {120-127},
	doi = {10.1109/ICCCRI.2016.26},
}

@inproceedings{moosefs,
	author = {Fang, Yucheng and Zhu, Huibiao and Lu, Gang and Xiao, Lili and Xie
	          , Wanling},
	year = {2018},
	month = {07},
	pages = {270-275},
	title = {Modeling and Verifying MooseFS in CSP},
	doi = {10.1109/COMPSAC.2018.00043},
}

@inproceedings{hdfs,
	author = {Shvachko, Konstantin and Kuang, Hairong and Radia, Sanjay and
	          Chansler, Robert},
	booktitle = {2010 IEEE 26th Symposium on Mass Storage Systems and
	             Technologies (MSST)},
	title = {The Hadoop Distributed File System},
	year = {2010},
	volume = {},
	number = {},
	pages = {1-10},
	doi = {10.1109/MSST.2010.5496972},
}

@inproceedings{gfs,
	title = {The Google File System},
	author = {Sanjay Ghemawat and Howard Gobioff and Shun-Tak Leung},
	year = {2003},
	booktitle = {Proceedings of the 19th ACM Symposium on Operating Systems
	             Principles},
	pages = {20--43},
	address = {Bolton Landing, NY},
}


@misc{hdfs_ha_nfs,
	author = {Apache},
	title = {HDFS High Availability},
	year = 2021,
	publisher = {Apache Software Foundation},
	journal = {Hadoop documentation version 3.3.1},
	howpublished = {
	                https://hadoop.apache.org/docs/r3.3.1/hadoop-project-dist/hadoop-hdfs/HDFSHighAvailabilityWithNFS.html
	                },
}

@misc{hdfs_ha_q,
	author = {Apache},
	title = {HDFS High Availability Using the Quorum Journal Manager},
	year = 2021,
	publisher = {Apache Software Foundation},
	journal = {Hadoop documentation version 3.3.1},
	howpublished = {
	                https://hadoop.apache.org/docs/r3.3.1/hadoop-project-dist/hadoop-hdfs/HDFSHighAvailabilityWithQJM.html
	                },
}

Github example:
@misc{a0g,
	author = {Nair, Surag and Thakoor, Shantanu and Jhunjhunwala, Megha and
	          others},
	title = {alpha-zero-general},
	year = 2020,
	publisher = {GitHub},
	journal = {GitHub repository},
	howpublished = {https://github.com/suragnair/alpha-zero-general},
	commit = {5156c7fd1d2f3e5fefe732a4b2e0ffc5b272f819},
}

Essential python libs
@article{scipy,
	author = {{Virtanen}, Pauli and {Gommers}, Ralf and {Oliphant}, Travis E.
	          and {Haberland}, Matt et al},
	other_authors = {Matt and {Reddy}, Tyler and {Cournapeau}, David and {
	                 Burovski}, Evgeni and {Peterson}, Pearu and {Weckesser},
	                 Warren and {Bright}, Jonathan and {van der Walt}, St{\'e}fan
	                 J. and {Brett}, Matthew and {Wilson}, Joshua and {Jarrod
	                 Millman}, K. and {Mayorov}, Nikolay and {Nelson}, Andrew
	                 R.~J. and {Jones}, Eric and {Kern}, Robert and {Larson},
	                 Eric and {Carey}, CJ and {Polat}, {\.I}lhan and {Feng}, Yu
	                 and {Moore}, Eric W. and {Vand erPlas}, Jake and {Laxalde},
	                 Denis and {Perktold}, Josef and {Cimrman}, Robert and {
	                 Henriksen}, Ian and {Quintero}, E.~A. and {Harris}, Charles
	                 R and {Archibald}, Anne M. and {Ribeiro}, Ant{\^o}nio H. and
	                 {Pedregosa}, Fabian and {van Mulbregt}, Paul and {
	                 Contributors}, SciPy 1. 0},
	title = "{SciPy 1.0: Fundamental Algorithms for Scientific Computing in
	         Python}",
	journal = {Nature Methods},
	year = "2020",
	volume = {17},
	pages = {261--272},
	adsurl = {https://rdcu.be/b08Wh},
	doi = {https://doi.org/10.1038/s41592-019-0686-2},
}

@article{matplotlib,
	author = {Hunter,John D. },
	title = {Matplotlib: A 2D Graphics Environment},
	journal = {Computing in Science \& Engineering},
	volume = {9},
	number = {3},
	pages = {90-95},
	year = {2007},
	doi = {10.1109/MCSE.2007.55},
	URL = { https://aip.scitation.org/doi/abs/10.1109/MCSE.2007.55 },
	eprint = { https://aip.scitation.org/doi/pdf/10.1109/MCSE.2007.55},
}

@article{numpy,
	author = {Walt,Stéfan van der and Colbert,S. Chris and Varoquaux,Gaël },
	title = {The NumPy Array: A Structure for Efficient Numerical Computation},
	journal = {Computing in Science \& Engineering},
	volume = {13},
	number = {2},
	pages = {22-30},
	year = {2011},
	doi = {10.1109/MCSE.2011.37},
	URL = { https://aip.scitation.org/doi/abs/10.1109/MCSE.2011.37 },
	eprint = { https://aip.scitation.org/doi/pdf/10.1109/MCSE.2011.37 },
}

@article{sklearn,
	author = {Pedregosa, Fabian and Varoquaux, Gael and Gramfort, Alexandre and
	          Michel, Vincent and Thirion, Bertrand and Grisel, Olivier and
	          Blondel, Mathieu and Prettenhofer, Peter and Weiss, Ron and Dubourg
	          , Vincent and Vanderplas, Jake and Passos, Alexandre and Cournapeau
	          , David and Brucher, Matthieu and Perrot, Matthieu and Duchesnay,
	          Edouard and Louppe, Gilles},
	year = {2012},
	month = {01},
	pages = {},
	title = {Scikit-learn: Machine Learning in Python},
	volume = {12},
	journal = {Journal of Machine Learning Research},
}
